<?xml version="1.0" encoding="UTF-8"?><record xmlns="http://www.loc.gov/MARC21/slim" xmlns:cinclude="http://apache.org/cocoon/include/1.0" xmlns:zs="http://www.loc.gov/zing/srw/">
  <leader>00605nz  a2200157n  4500</leader>
  <controlfield tag="001">no2004020428</controlfield>
  <controlfield tag="003">DLC</controlfield>
  <controlfield tag="005">20040304052145.0</controlfield>
  <controlfield tag="008">040303n| acannaabn          |a aaa     c</controlfield>
  <datafield tag="010" ind1=" " ind2=" ">
    <subfield code="a">no2004020428</subfield>
  </datafield>
  <datafield tag="035" ind1=" " ind2=" ">
    <subfield code="a">(OCoLC)oca06286675</subfield>
  </datafield>
  <datafield tag="040" ind1=" " ind2=" ">
    <subfield code="a">NIC-Mu</subfield>
    <subfield code="b">eng</subfield>
    <subfield code="c">NIC-Mu</subfield>
  </datafield>
  <datafield tag="100" ind1="1" ind2=" ">
    <subfield code="a">Pavesi, Stefano,</subfield>
    <subfield code="d">1779-1850.</subfield>
    <subfield code="t">Elisabetta regina d'Inghilterra</subfield>
  </datafield>
  <datafield tag="400" ind1="1" ind2=" ">
    <subfield code="a">Pavesi, Stefano,</subfield>
    <subfield code="d">1779-1850.</subfield>
    <subfield code="t">Elisabetta d'Inghilterra</subfield>
  </datafield>
  <datafield tag="670" ind1=" " ind2=" ">
    <subfield code="a">100 years of Italian opera. 1800-1810, p1983:</subfield>
    <subfield code="b">container (Elisabetta d'Inghilterra)</subfield>
  </datafield>
  <datafield tag="670" ind1=" " ind2=" ">
    <subfield code="a">Grovemusic WWW site, Feb. 25, 2004</subfield>
    <subfield code="b">(Elisabetta regina d'Inghilterra, opera seria, 2 acts)</subfield>
  </datafield>
</record>